<?xml version="1.0" encoding="UTF-8"?><collection xmlns="http://www.loc.gov/MARC21/slim"><record><leader>00577nam--2200193-u-4500</leader><controlfield tag="001">000053030</controlfield><controlfield tag="002">20161230</controlfield><controlfield tag="005">20161230201050</controlfield><controlfield tag="008">110103s1000------------r-----000-0-eng-d</controlfield><datafield ind1=" " ind2=" " tag="020"><subfield code="a">9789812779960</subfield></datafield><datafield ind1=" " ind2=" " tag="040"><subfield code="a">IFIN-HH</subfield></datafield><datafield ind1=" " ind2=" " tag="080"><subfield code="a">537.8(515.1:531.111)</subfield></datafield><datafield ind1="1" ind2=" " tag="100"><subfield code="a">Barrett, Terence W</subfield></datafield><datafield ind1="1" ind2="0" tag="245"><subfield code="a">Topological foundations of electromagnetism</subfield><subfield code="c">Terence w. barrett</subfield></datafield><datafield ind1=" " ind2=" " tag="260"><subfield code="a">Singapore</subfield><subfield code="b">World Scientific</subfield><subfield code="c">2008</subfield></datafield><datafield ind1=" " ind2=" " tag="300"><subfield code="a">185P</subfield></datafield><datafield ind1=" " ind2=" " tag="490"><subfield code="a">World Scientific Series In Contemporary Chemical Physics</subfield><subfield code="v">Vol. 26</subfield></datafield><datafield ind1=" " ind2=" " tag="852"><subfield code="a">82203</subfield><subfield code="c">537:538</subfield></datafield><datafield ind1=" " ind2=" " tag="CAT"><subfield code="a">Sys</subfield><subfield code="c">20110705</subfield><subfield code="h">112352</subfield></datafield></record></collection>